<record xmlns="http://www.loc.gov/MARC21/slim" xmlns:xsi="http://www.w3.org/2001/XMLSchema-instance" xsi:schemaLocation="http://www.loc.gov/MARC21/slim http://www.loc.gov/standards/marcxml/schema/MARC21slim.xsd"><leader>     nam a22        4500</leader><controlfield tag="001">001677384</controlfield><controlfield tag="003">NNU</controlfield><controlfield tag="006">m        d        </controlfield><controlfield tag="007">cr cn |||m|||a</controlfield><controlfield tag="008">150313s1968    iq      ob    000 0barar </controlfield><datafield ind1=" " ind2=" " tag="040"><subfield code="a">NNU</subfield><subfield code="b">eng</subfield><subfield code="c">NNU</subfield></datafield><datafield ind1="0" ind2=" " tag="050"><subfield code="a">BP80.M88</subfield><subfield code="b">A67</subfield></datafield><datafield ind1="1" ind2=" " tag="100"><subfield code="a">Ali, Abbas.</subfield></datafield><datafield ind1="1" ind2="3" tag="245"><subfield code="a">al-Im&#257;m Sharaf al-D&#299;n &#7717;uzmat &#7693;aw&#700; &#699;al&#257; &#7789;ar&#299;q al-fikr al-im&#257;m&#299;</subfield><subfield code="h">[electronic resource] :</subfield><subfield code="b">dir&#257;sah w&#257;&#699;iyah tatan&#257;-wal al-j&#257;nib al-fikr&#299; f&#299; &#7717;ay&#257;t al-Im&#257;m al-Sayyid &#699;Abd al-&#7716;usayn Sharaf al-D&#299;n, al-rajul al-ladh&#299; jaddada u&#7789;ur maf&#257;h&#299;m wa-wa&#7693;a&#699;a nuq&#257;&#7789; &#699;al&#257; &#7717;ur&#363;f wa-s&#257;ham f&#299; &#299;j&#257;d man&#257;kh mul&#257;&#700;im li-numuw fa&#699;&#257;l&#299;y&#257;t Isl&#257;m&#299;yah munfa&#7789;ihah &#699;al&#257; masra&#7717; al-fikr</subfield><subfield code="c">[ta&#700;l&#299;f] &#699;Abb&#257;s &#699;Al&#299;.</subfield></datafield><datafield ind1=" " ind2=" " tag="260"><subfield code="a">al-Najaf,</subfield><subfield code="b">Ma&#7789;ba&#699;at al-Nu&#699;m&#257;n,</subfield><subfield code="c">1968.</subfield></datafield><datafield ind1=" " ind2=" " tag="300"><subfield code="a">online resource (200 p.)</subfield></datafield><datafield ind1=" " ind2=" " tag="500"><subfield code="a">Part of the Arabic Collections Online (ACO) project, contributed by New York Univeristy Libraries.</subfield></datafield><datafield ind1=" " ind2=" " tag="504"><subfield code="a">Bibliography : p. 199-200.</subfield></datafield><datafield ind1=" " ind2=" " tag="533"><subfield code="a">Electronic reproduction.</subfield><subfield code="b">New York, N.Y. :</subfield><subfield code="c">New York University,</subfield><subfield code="d">2015.</subfield><subfield code="5">NNU</subfield></datafield><datafield ind1="1" ind2="0" tag="600"><subfield code="a">Sharaf al-D&#299;n, &#699;Abd al-&#7716;usayn.</subfield></datafield><datafield ind1="2" ind2=" " tag="710"><subfield code="a">New York University.</subfield><subfield code="b">Libraries.</subfield></datafield><datafield ind1="0" ind2=" " tag="730"><subfield code="a">Arabic Collections Online.</subfield></datafield><datafield ind1="0" ind2="8" tag="776"><subfield code="i">Print version:</subfield><subfield code="a">Ali, Abbas.</subfield><subfield code="t">al-Im&#257;m Sharaf al-D&#299;n &#7717;uzmat &#7693;aw&#700; &#699;al&#257; &#7789;ar&#299;q al-fikr al-im&#257;m&#299;</subfield><subfield code="w">(NNU)001677384</subfield><subfield code="w">(DLC)70261011</subfield></datafield><datafield ind1="4" ind2="0" tag="856"><subfield code="u">http://hdl.handle.net/2333.1/d51c5db4</subfield></datafield><datafield ind1=" " ind2=" " tag="959"><subfield code="a">NNU</subfield><subfield code="b">WEB</subfield><subfield code="c">GENI</subfield><subfield code="t">0</subfield><subfield code="m">Electronic access</subfield><subfield code="s">01</subfield></datafield><datafield ind1=" " ind2=" " tag="999"><subfield code="i">NNU_001677384</subfield><subfield code="s">nyu_aco000636</subfield><subfield code="e">(ERROR-880)</subfield></datafield></record>